
@article{tisseau2009tikz,
	title={TikZ pour lâ€™impatient},
	author={Tisseau, G{\'e}rard and Duma, Jacques},
	journal={Cit{\'e} page iv},
	keywords = {primary},
	year={2009}
	
}

@article{oetiker1995not,
	title={The not so short introduction to LATEX2$\varepsilon$},
	author={Oetiker, Tobias and Partl, Hubert and Hyna, Irene and Schlegl, Elisabeth},
	journal={Electronic document available at http://www. tex. ac. uk/tex-archive/info/lshort},
	keywords = {primary},
	year={1995}
}

@book{lamport1994latex,
	title={LATEX: a document preparation system: user's guide and reference manual},
	author={Lamport, Leslie},
	year={1994},
	keywords = {primary},
	publisher={Addison-wesley}
}

@book{goossens1994latex,
	title={The LATEX companion},
	author={Goossens, Michel and Mittelbach, Frank and Samarin, Alexander},
	year={1994},
	keywords = {secondary},
	publisher={Addison-Wesley Reading}
}

@misc{pakin2009comprehensive,
	title={The comprehensive LATEX symbol list},
	author={Pakin, Scott},
	year={2009},
	keywords = {secondary},
	publisher={Citeseer}
}